@article{KKM,
  title                    = {Finite Presentability of $\Phi_n(G)$, $\mathrm{GL}_n(\mathbb{Z}G)$ and their Elementary Subgroups and Steinberg Groups},
  author                   = {Kiralis, Geoffrey and Krsti{\'c}, Sava and McCool, James},
  journal                  = {Proc. London Math. Soc.},
  year                     = {1996},
  number                   = {3},
  pages                    = {575--622},
  volume                   = {3},
  doi                      = {10.1112/plms/s3-73.3.575}}

@article{Mi52,
  title                    = {The second homology group of a group; relations among commutators},
  author                   = {Miller, Clair},
  journal                  = {Proc. AMS},
  volume                   = {3},
  number                   = {4},
  pages                    = {588--595},
  year                     = {1952},
  doi                      = {10.2307/2032593}}

@article{Lo76,
  title                    = {$\mathrm{K}$-th{\'e}orie alg{\'e}brique et repr{\'e}sentations de groupes},
  author                   = {Loday, Jean-Louis},
  journal                  = {Ann. Sci. {\'E}NS},
  year                     = {1976},
  number                   = {3},
  pages                    = {309--377},
  volume                   = {9},
  url                      = {http://archive.numdam.org/ARCHIVE/ASENS/ASENS_1976_4_9_3/ASENS_1976_4_9_3_309_0/ASENS_1976_4_9_3_309_0.pdf}}  

@article{Reh78,
  title                    = {Zentrale Erweiterungen der speziellen linearen Gruppe eines Schiefk{\"o}rpers.},
  author                   = {Rehmann, Ulf},
  journal                  = {J. Reine Angew. Math.},
  year                     = {1978},
  pages                    = {77--104},
  volume                   = {301},
  url                      = {http://gdz.sub.uni-goettingen.de/dms/load/img/?PPN=PPN243919689_0301&DMDID=DMDLOG_0009}}

@article{De76,
  title                    = {In search of new homology functors having a close relationship to K-theory},
  author                   = {Dennis, R Keith},
  journal                  = {Preprint, Cornell University},  
  year                     = {1976},
  url                      = {https://www.math.uni-bielefeld.de/~rehmann/Publ/in_search.pdf}}
  
@inproceedings{Po17,
  title	                   = {Straight homotopy invariants},
  author                   = {Podkorytov, Sem{\"e}n},
  booktitle                = {Top. Proceedings},
  volume                   = {49},
  pages                    = {41--64},
  year                     = {2017},
  url                      = {http://www.pdmi.ras.ru/~ssp/se.pdf}}

@article{All08,
 title                     = {Simplicial sets and van Kampen's theorem},
 author                    = {Allegretti, Dylan G L},
 year                      = {2008},
 url                       = {http://www.math.uchicago.edu/~may/VIGRE/VIGRE2008/REUPapers/Allegretti.pdf},
 journal                   = {Preprint, University of Chicago VIGRE REU paper}}

@article{LS05,
  title                    = {Parametrized braid groups of Chevalley groups},
  author                   = {Loday, Jean-Louis and Stein, Michael R},
  journal                  = {Doc. Math.},
  volume                   = {10},
  pages                    = {391--416},
  year                     = {2005},
  url                      = {http://www.emis.ams.org/journals/DMJDMV/vol-10/13.pdf},
  publisher                = {Universi{\"a}t Bielefeld, Fakult{\"a}t f{\"u}r Mathematik}}

@article{Jar04,
  title                    = {Simplicial approximation},
  author                   = {Jardine, J.~F.},
  journal                  = {Theory Appl. Categ},
  volume                   = {12},
  number                   = {2},
  pages                    = {34--72},
  year                     = {2004},
  url                      = {http://www.emis.ams.org/journals/TAC/volumes/12/2/12-02.pdf}}
  
@article{KR98,
  title                    = {Une variante {\`a} la Coxeter du groupe de Steinberg},
  author                   = {Kassel, Christian and Reutenauer, Christophe},
  journal                  = {K-theory},
  volume                   = {14},
  number                   = {4},
  pages                    = {305--318},
  year                     = {1998},
  doi                      = {http://www.math.uiuc.edu/K-theory/0167/KsRt121196.pdf}} 

@article{KB73,
  title                    = {Abstract homotopy theory and generalized sheaf cohomology},
  author                   = {Brown, K.~S.},
  year                     = {1973},
  pages                    = {419--458},
  journal                  = {Trans. AMS},
  url                      = {https://ncatlab.org/nlab/files/BrownAbstractHomotopyTheory.pdf}} 
  
=============== Books ===============

@book{Ba96,
  title                    = {Homotopy type and homology},
  author                   = {Baues, Hans J},
  year                     = {1996},
  publisher                = {Oxford University Press},
  url                      = {http://www.maths.ed.ac.uk/~aar/papers/baues6.pdf}}

@book{Ca89,
  title                    = {Simple groups of Lie type},
  author                   = {Carter, Roger W},
  volume                   = {22},
  year                     = {1989},
  publisher                = {John Wiley \& Sons}}

@book{May99,
  title                    = {A concise course in algebraic topology},
  author                   = {May, J Peter},
  year                     = {1999},
  publisher                = {University of Chicago press},
  url                      = {https://www.math.uchicago.edu/~may/CONCISE/ConciseRevised.pdf}}
  
@book{Kbook,
  title                    = {The $K$-book: An introduction to algebraic $K$-theory},
  author                   = {Weibel, C.~A.},
  volume                   = {145},
  year                     = {2013},
  publisher                = {AMS},
  url                      = {http://www.math.rutgers.edu/~weibel/Kbook/Kbook.IV.pdf}}

@book{BHS11,
  title                    = {Nonabelian algebraic topology},
  author                   = {Brown, Ronald and Higgins, Philip J and Sivera, Rafael},
  series                   = {EMS Tracts in Mathematics},
  volume                   = {15},
  year                     = {2011}}

@book{MKS76,
  title                    = {Combinatorial group theory},
  author                   = {Magnus, Wilhelm and Karrass, Abraham and Solitar, Donald},
  publisher                = {Dover Publications},
  year                     = {1976}}

@book{GJar09,
  title                    = {Simplicial homotopy theory},
  author                   = {Goerss, Paul G and Jardine, John Frederick},
  year                     = {2009},
  publisher                = {Springer Science \& Business Media}}
  
@phdthesis{KSz14,
  author                   = {Karol Szumi\l{}o}, 
  title                    = {Two Models for the Homotopy Theory of Cocomplete Homotopy Theories},
  school                   = {Universit\"at Bonn},
  year                     = 2014,
  url                      = {http://hss.ulb.uni-bonn.de/2014/3692/3692.pdf}}  